% Metadata for all images in this folder, in biblatex format

@Online{wiki:File:William_Rowan_Hamilton_painting.jpg,
  author =	 {{See page for author [Public domain], via Wikimedia
                  Commons}},
  title =	 {Painting of Sir William Rowan Hamilton},
  shorttitle =	 {William Rowan Hamilton painting},
  year =	 {mid 19th century},
  url =
                  {https://commons.wikimedia.org/wiki/File:William_Rowan_Hamilton_painting.jpg},
  urldate =	 {2019-12-18},
  options =	 {skipbib=true},
}
