% Metadata for all images in this folder, in biblatex format
% Data for images from source

@Online{tikz/kkt-optimal,
  author =	 {{Robert Hildebrand  \href{https://creativecommons.org/licenses/by-sa/4.0/}{CC BY-SA 4.0}.}}, 
  title =	 {KKT Optimal Point},
  shorttitle =	 {KKT Optimal},
  year =	 {2020},
  url =         {https://github.com/open-optimization/open-optimization-or-book/tree/master/content/figures/figures-source/tikz/kkt-optimal.tex},
  %urldate =	 {2020-1-11},
  options =	 {skipbib=true},
}

@Online{tikz/convexity-definition.pdf,
  author =	 {{Robert Hildebrand  \href{https://creativecommons.org/licenses/by-sa/4.0/}{CC BY-SA 4.0}.}}, 
  title =	 {Convexity Definition},
  shorttitle =	 {Convexity Definition},
  year =	 {2020},
  url =         {https://github.com/open-optimization/open-optimization-or-book/blob/master/Intro-Math-Programming/baseText/optimization/figures/figures-source/tikz/convexity-definition.tex},
  options =	 {skipbib=true},
}

@Online{simulated_annealing_temperatures.png,
  author =	 {{Robert Hildebrand}},
  title =	 {Temperatures and Probability of Acceptance in Simulated Annealing},
  shorttitle =	 {Simulated Annealing Temperatures},
  year =	 {2020},
%  url =
%                  {https://commons.wikimedia.org/wiki/File:William_Rowan_Hamilton_painting.jpg},
  %urldate =	 {2019-12-18},
  options =	 {skipbib=true},
}

@Online{tikz/kkt-non-optimal1,
  author =	 {{Robert Hildebrand  \href{https://creativecommons.org/licenses/by-sa/4.0/}{CC BY-SA 4.0}.}}, 
  title =	 {A non-optimal point},
  shorttitle =	 {non-optimal},
  year =	 {2020},
  url =
                  {https://github.com/open-optimization/open-optimization-or-book/tree/master/content/figures/figures-source/tikz/kkt-non-optimal1.tex},
  %urldate =	 {2020-1-11},
  options =	 {skipbib=true},
}

@Online{tikz/kkt-non-optimal2,
  author =	 {{\copyright~Robert Hildebrand  \href{https://creativecommons.org/licenses/by-sa/4.0/}{CC BY-SA 4.0}.}}, 
  title =	 {A non-optimal point},
  shorttitle =	 {non-optimal},
  year =	 {2020},
  url =
                  {https://github.com/open-optimization/open-optimization-or-book/tree/master/content/figures/figures-source/tikz/kkt-optimal.tex},
  %urldate =	 {2020-1-11},
  options =	 {skipbib=true},
}

@Online{tikz/Illustration3.pdf,
  author =	 {{\copyright~Robert Hildebrand  \href{https://creativecommons.org/licenses/by-sa/4.0/}{CC BY-SA 4.0}.}}, 
  title =	 {Graph representation of fire station problem},
  shorttitle =	 {Graph representation},
  year =	 {2020},
  url =
                  {https://github.com/open-optimization/open-optimization-or-book/tree/master/content/figures/figures-source/tikz/Illustration3.tex},
  %urldate =	 {2020-1-11},
  options =	 {skipbib=true},
}

@Online{tikz/Illustration2.pdf,
  author =	 {{\copyright~Robert Hildebrand  \href{https://creativecommons.org/licenses/by-sa/4.0/}{CC BY-SA 4.0}.}}, 
  title =	 {Set cover representation of fire station problem},
  shorttitle =	 {Set cover representation},
  year =	 {2020},
  url =
                  {https://github.com/open-optimization/open-optimization-or-book/tree/master/content/figures/figures-source/tikz/Illustration2.tex},
  %urldate =	 {2020-1-11},
  options =	 {skipbib=true},
}

@Online{tikz/Illustration1.pdf,
  author =	 {{\copyright~Robert Hildebrand  \href{https://creativecommons.org/licenses/by-sa/4.0/}{CC BY-SA 4.0}.}}, 
  title =	 {Fire station district layout},
  shorttitle =	 {Fire station district layout},
  year =	 {2020},
  url =
                  {https://github.com/open-optimization/open-optimization-or-book/tree/master/content/figures/figures-source/tikz/Illustration2.tex},
  %urldate =	 {2020-1-11},
  options =	 {skipbib=true},
}

@Online{tikz/linear-regression.pdf,
  author =	 {{\copyright~Latex Draw  \href{https://creativecommons.org/licenses/by-sa/4.0/}{CC BY-SA 4.0}.}}, 
  title =	 {Linear Regression},
  shorttitle =	 {Linear Regressin},
  year =	 {2020},
  url =
                  {Source: https://latexdraw.com/linear-regression-in-latex-using-tikz/, Adaptation: https://github.com/open-optimization/open-optimization-or-book/tree/master/content/figures/figures-source/tikz/linear-regression.tex},
  urldate =	 {2020-1-11},
  options =	 {skipbib=true},
}


@Online{tikz/convexiy-definition,
  author =	 {{\copyright~Robert Hildebrand  \href{https://creativecommons.org/licenses/by-sa/4.0/}{CC BY-SA 4.0}.}}, 
  title =	 {Illustration of definition of a convex function},
  shorttitle =	 {Convex function definition},
  year =	 {2020},
  url =
                  {Source: https://tex.stackexchange.com/questions/394923/how-one-can-draw-a-convex-function, Adaptation: https://github.com/open-optimization/open-optimization-or-book/tree/master/content/figures/figures-source/tikz/convexity-definition.tex},
  urldate =	 {2020-1-11},
  options =	 {skipbib=true},
}